@article{j-ptiik,
 author = {Muhammad Yusuf dan Hanifah Az-Zahra dan Diah Apriyanti},
 title = { Implementasi Algoritma Dijkstra Dalam Menemukan Jarak Terdekat Dari Lokasi Pengguna Ke Tanaman Yang Di Tuju Berbasis Android (Studi Kasus di Kebun Raya Purwodadi)},
 journal = {Jurnal Pengembangan Teknologi Informasi dan Ilmu Komputer},
 volume = {1},
 number = {12},
 year = {2017}
}

@book{rosen-discrete-2012,
 address = {New York},
 edition = {7th ed},
 title = {Discrete mathematics and its applications},
 isbn = {9780073383095},
 publisher = {McGraw-Hill},
 author = {Rosen, Kenneth H.},
 year = {2012},
 keywords = {Mathematics, Computer science, Mathematics},
}

@article{dijkstra-note-1959,
 title = {A note on two problems in connexion with graphs},
 volume = {1},
 issn = {0029-599X, 0945-3245},
 url = {http://link.springer.com/10.1007/BF01386390},
 doi = {10.1007/BF01386390},
 language = {en},
 number = {1},
 urldate = {2022-02-20},
 journal = {Numerische Mathematik},
 author = {Dijkstra, E. W.},
 month = dec,
 year = {1959},
 pages = {269--271},
}